
@Article{Dendroscope, 
  author    = {Huson, Daniel H. and Dezulian, Tobias and Franz, Markus and Rausch, Christian and Richter, Daniel C. and Rupp, Regula}, 
  title     = {Dendroscope - An interactive tree drawer}, 
  year      = 2007, 
  journal   = {BMCB}, 
  volume    = {8}, 
  pages     = {460}, 
  note      = {http://dx.doi.org/10.1186/1471-2105-8-460, software freely available from http://www-ab.informatik.uni-tuebingen.de/software/dendroscope/}, 
  annote    = {CITE : }, 
  keywords  = {phylogeny, Program Dendroscope, software, visualization}
}

@Misc{CRV2008c, 
  author    = {Cardona, Gabriel and Rossell—, Francesc and Valiente, Gabriel}, 
  title     = {Extended Newick: It is Time for a Standard Representation}, 
  year      = 2008, 
  note      = {Submitted to BMCB, http://bioinfo.uib.es/media/uploaded/bmc-2008-enewick-sub.pdf}, 
  annote    = {BIBUPDATE : 20081011}, 
  keywords  = {evaluation, explicit network, phylogenetic network, Program Bio-PhyloNetwork, Program Dendroscope, Program NetGen, Program PhyloNet, Program SplitsTree, Program TCS, visualization}
}

@InProceedings{RuppHuson2008, 
  author    = {Rupp, Regula and Huson, Daniel H.}, 
  title     = {Summarizing Multiple Gene Trees Using Cluster Networks}, 
  year      = 2008, 
  booktitle = {WABI08}, 
  note      = {}, 
  annote    = {BIBUPDATE : 20080605}, 
  keywords  = {abstract network, from clusters, from rooted trees, phylogenetic network, phylogeny, polynomial, Program Dendroscope}
}

@InProceedings{GambetteVeronis2009, 
  author    = {Philippe Gambette and Jean V\'eronis}, 
  title     = {Visualising a Text with a Tree Cloud}, 
  year      = 2009, 
  note      = {Software freely available from \href{http://www.treecloud.org}{www.treecloud.org}}, 
  booktitle = {IFCS'09}, 
}

@Article{Huson2008, 
  author    = {Huson, Daniel H.}, 
  title     = {Drawing Rooted Phylogenetic Networks}, 
  year      = 2008, 
  journal   = {TCBB}, 
  note      = {To appear}, 
  annote    = {CITE : }, 
  keywords  = {phylogenetic network, phylogeny, Program Dendroscope, Program SplitsTree, visualization}
}

@Article{Huson1998, 
  author    = {Huson, Daniel H.}, 
  title     = {SplitsTree: analyzing and visualizing evolutionary data}, 
  year      = 1998, 
  journal   = {BIO}, 
  volume    = {14}, 
  number    = {1}, 
  pages     = {68-73}, 
  note      = {Software freely available from \href{http://www.splitstree.org}{www.splitstree.org}}, 
  annote    = {CITE : }, 
  keywords  = {phylogenetic network, phylogeny, Program SplitsTree, software, split network}
}
